@book{jacques21grammar,
  title     = {A grammar of {J}aphug},
  author    = {Jacques, Guillaume},
  publisher = {Language Science Press},
  year      = {2021},
  address   = {Berlin},
  owner     = {GJacques},
  timestamp = {2021.03.08},
  url       = {https://langsci-press.org/catalog/book/295}
}
