%         ABBREVIATIONS
%
%         OF JOURNAL-NAMES
%

@string{acmcs = "ACM Computing Surveys"}
@string{acmtalg = "ACM Transactions on Algorithms"}
@string{acmjea = "ACM Journal of Experimental Algorithms"}
@string{actacybernetica = "Acta Cybernetica"}
@string{adm = "Annals of Discrete Mathematics"}
@string{ai = "Acta Informatica"}
@string{alg = "Algorithmica"}
@string{amm = "American Mathematical Monthly"}
@string{amsuh = "Abh. Math. Sem. Univ. Hamburg"}
@string{aor = "Annals of Operations Research"}
@string{apal = "Annals of Pure and Applied Logic"}
@string{arscomb = "Ars Combinatoria"}
@string{artint = "Artificial Intelligence"} 
@string{beatcs = "Bulletin of the EATCS"}
@string{bit = "BIT"}
@string{cacm = "Communications of the ACM"}
@string{canjm = "Canadian Journal of Mathematics"}
@string{cg = "Computational Geometry"}
@string{cm = "Contemporary Mathematics"}
@string{cn = "Congressus Numerantium"}
@string{cnet = "Computer Networks"}
@string{comb = "Combinatorica"}
@string{combinatorica = "Combinatorica"}
@string{comp = "Computing"}
@string{cor = "Computers \& Operations Research"}
@string{cpc = "Combinatorics, Probability, and Computing"}
@string{dm = "Discrete Mathematics"}
@string{dam = "Discrete Applied Mathematics"}
@string{dcg = "Discrete and Computational Geometry"}
@string{dmtcs = "Discrete Mathematics and Theoretical Computer Science"}
@string{do = "Discrete Optimization"}
@string{endm = "Electronic Notes in Discrete Mathematics"}
@string{elemmath = "Elem. Math."}
@string{ejc = "Electronic Journal of Combinatorics"}
@string{ejcom = "European Journal of Combinatorics"}
@string{ejor = "European Journal of Operational Research"}
@string{fundmath = "Fundamenta Mathematicae"}
@string{gc = "Graphs and Combinatorics"}
@string{ic = "Information and Control"}
@string{ic2 = "Information and Computation"}
@string{ietc = "IEEE Transactions on Computers"}
@string{ieeetc = "IEEE Transactions on Computers"}
@string{ieeetcs = "IEEE Transactions on Circuits and Systems"}
@string{ieeetct = "IEEE Transactions on Circuit Theory"}
@string{ieeeted = "IEEE Transactions on Electronic Devices"}
@string{ieeetse = "IEEE Transactions on Software Engineering"}
@string{ijcis = "International Journal of Computer and System Sciences"}
@string{ijcm = "International Journal of Computer Mathematics"}
@string{ijfcs = "International Journal of Foundations of Computer Science"}
@string{informsjc = "INFORMS Journal on Computing"}
@string{ipl = "Information Processing Letters"}
@string{ita = "Informatique Th\'{e}orique et Applications"}
@string{ja = "Journal of Algorithms"}
@string{jair = "Journal of Artificial Intelligence Research"}
@string{jacm = "Journal of the ACM"}
@string{jct = "Journal of Combinatorial Theory"}
@string{jcta = "Journal of Combinatorial Theory, Series A"}
@string{jctb = "Journal of Combinatorial Theory, Series B"}
@string{jco = "Journal of Combinatorial Optimization"}
@string{jcss  = "Journal of Computer and System Sciences"}
@string{jda = "Journal of Discrete Algorithms"}
@string{jgaa  = "Journal of Graph Algorithms and Applications"}
@string{jgt  = "Journal of Graph Theory"}
@string{jip  = "Journal of Information Processing"}
@string{jise = "Journal of Information Science and Engineering"}
@string{jmaa = "Journal of Mathematical Analysis and Applications"}
@string{jpdc  = "Journal of Parallel and Distributed Computing"}
@string{jucs = "Journal of Universal Computer Science"}
@string{math  = "Mathematika"}
@string{mor  = "Mathematics of Operations Research"}
@string{mp  = "Mathematical Programming"}
@string{mst  = "Mathematical Systems Theory"}
@string{netw  = "Networks"}
@string{networks  = "Networks"}
@string{nordicjc  = "Nordic Journal of Computing"}
@string{or = "Operations Research"}
@string{orl = "Operations Research Letters"}
@string{pms = "Probability and Mathematical Statistics"}
@string{sam = "Studies in Applied Mathematics"}
@string{siamjc = "SIAM Journal on Computing"}
@string{siamjo = "SIAM Journal on Optimization"}
@string{sjam = "SIAM Journal on Applied Mathematics"}
@string{sjadm = "SIAM Journal on Algebraic and Discrete Methods"}
@string{sjdm = "SIAM Journal on Discrete Mathematics"}
@string{sjmaa = "SIAM Journal on Matrix Analysis and Applications"}
@string{sjna = "SIAM Journal on Numerical Analysis"}
@string{tcs = "Theoretical Computer Science"}
@string{tocs = "Theory of Computing Systems"}
@string{tcj = "The Computer Journal"}

@string{vi= "Department of Computer Science, Utrecht University"}
@string{tr= "Technical Report"}

%Abbreviations of Conference names

@string{aaai92 = "Proceedings of the 10th National Conference on Artificial Intelligence, AAAI'92"}
@string{aaai93 = "Proceedings of the 11th National Conference on Artificial Intelligence, AAAI'93"}
@string{aaai94 = "Proceedings of the 12th National Conference on Artificial Intelligence, AAAI'94"}
@string{aaai95 = "Proceedings of the 13th National Conference on Artificial Intelligence, AAAI'95"}
@string{aaai96 = "Proceedings of the 14th National Conference on Artificial Intelligence, AAAI'96"}
@string{aaai97 = "Proceedings of the 15th National Conference on Artificial Intelligence, AAAI'97"}
@string{aaai98 = "Proceedings of the 16th National Conference on Artificial Intelligence, AAAI'98"}
@string{aaai07 = "Proceedings of the 25th National Conference on Artificial Intelligence, AAAI'07"}

@string{acid05 = "Proceedings of the 1st Workshop on Algorithms and Complexity in Durham, ACiD 2005"}

@string{alenex99 = "Proceedings of the 1st International Workshop on Algorithm Engineering and Experimentation, ALENEX'99"}
@string{alenex00 = "Proceedings of the 2nd International Workshop on Algorithm Engineering and Experimentation, ALENEX 2000"}
@string{alenex01 = "Proceedings of the 3rd International Workshop on Algorithm Engineering and Experimentation, ALENEX 2001"}
@string{alenex02 = "Proceedings of the 4th International Workshop on Algorithm Engineering and Experimentation, ALENEX 2002"}
@string{alenex03 = "Proceedings of the 5th Workshop on Algorithm Engineering and Experimentation, ALENEX 2003"}
@string{alenex04 = "Proceedings of the 6th Workshop on Algorithm Engineering and Experimentation and the
1st Workshop on Analytic Algorithmics and Combinatorics, ALENEX/ANALCO 2004"}
@string{alenex05 = "Proceedings of the 7th Workshop on Algorithm Engineering and Experimentation and the
2nd Workshop on Analytic Algorithmics and Combinatorics, ALENEX/ANALCO 2005"}
@string{alenex06 = "Proceedings of the 8th International Workshop on Algorithm Engineering and Experimentation, ALENEX 2006"}
@string{alenex07 = "Proceedings of the 9th Workshop on Algorithm Engineering and Experimentation, ALENEX 2007"}
@string{alenex08 = "Proceedings of the 10th Workshop on Algorithm Engineering and Experimentation, ALENEX 2008"}
@string{alenex09 = "Proceedings of the 11th Workshop on Algorithm Engineering and Experimentation, ALENEX 2009"}

@string{ciac97 = "Proceedings of the 3rd Italian Conference on Algorithms and Complexity, CIAC'97"}
@string{ciac00 = "Proceedings of the 4th Italian Conference on Algorithms and Complexity, CIAC 2000"}
@string{ciac03 = "Proceedings of the 5th Italian Conference on Algorithms and Complexity, CIAC 2003"}
@string{ciac06 = "Proceedings of the 6th Italian Conference on Algorithms and Complexity, CIAC 2006"}
@string{ciac10 = "Proceedings of the 7th Italian Conference on Algorithms and Complexity, CIAC 2010"}

@string{cocoon95 = "Proceedings of the 1st Annual International Conference on Computing and Combinatorics, COCOON'95"}
@string{cocoon96 = "Proceedings of the 2nd Annual International Conference on Computing and Combinatorics, COCOON'96"}
@string{cocoon97 = "Proceedings of the 3rd Annual International Conference on Computing and Combinatorics, COCOON'97"}
@string{cocoon98 = "Proceedings of the 4th Annual International Conference on Computing and Combinatorics, COCOON'98"}
@string{cocoon99 = "Proceedings of the 5th Annual International Conference on Computing and Combinatorics, COCOON'99"}
@string{cocoon00 = "Proceedings of the 6th Annual International Conference on Computing and Combinatorics, COCOON 2000"}
@string{cocoon01 = "Proceedings of the 7th Annual International Conference on Computing and Combinatorics, COCOON 2001"}
@string{cocoon02 = "Proceedings of the 8th Annual International Conference on Computing and Combinatorics, COCOON 2002"}
@string{cocoon03 = "Proceedings of the 9th Annual International Conference on Computing and Combinatorics, COCOON 2003"}
@string{cocoon04 = "Proceedings of the 10th Annual International Conference on Computing and Combinatorics, COCOON 2004"}
@string{cocoon05 = "Proceedings of the 11th Annual International Conference on Computing and Combinatorics, COCOON 2005"}
@string{cocoon06 = "Proceedings of the 12th Annual International Conference on Computing and Combinatorics, COCOON 2006"}
@string{cocoon07 = "Proceedings of the 13th Annual International Conference on Computing and Combinatorics, COCOON 2007"}
@string{cocoon08 = "Proceedings of the 14th Annual International Conference on Computing and Combinatorics, COCOON 2008"}
@string{cocoon09 = "Proceedings of the 15th Annual International Conference on Computing and Combinatorics, COCOON 2009"}

@string{ecai2002 = "Proceedings of the 15th European Conference on Artificial Intelligence, ECAI 2002"}
@string{ecai2003 = "Proceedings of the 16th European Conference on Artificial Intelligence, ECAI 2003"}
@string{ecai2004 = "Proceedings of the 17th European Conference on Artificial Intelligence, ECAI 2004"}
@string{ecai2005 = "Proceedings of the 18th European Conference on Artificial Intelligence, ECAI 2005"}
@string{ecai2006 = "Proceedings of the 19th European Conference on Artificial Intelligence, ECAI 2006"}
@string{ecai2007 = "Proceedings of the 20th European Conference on Artificial Intelligence, ECAI 2007"}
@string{ecai2008 = "Proceedings of the 21st European Conference on Artificial Intelligence, ECAI 2008"}
@string{ecai2009 = "Proceedings of the 22nd European Conference on Artificial Intelligence, ECAI 2009"}

@string{esa93 = "Proceedings of the 1st Annual European Symposium on Algorithms, ESA'93"}
@string{esa94 = "Proceedings of the 2nd Annual European Symposium on Algorithms, ESA'94"}
@string{esa95 = "Proceedings of the 3rd Annual European Symposium on Algorithms, ESA'95"}
@string{esa96 = "Proceedings of the 4th Annual European Symposium on Algorithms, ESA'96"}
@string{esa97 = "Proceedings of the 5th Annual European Symposium on Algorithms, ESA'97"}
@string{esa98 = "Proceedings of the 6th Annual European Symposium on Algorithms, ESA'98"}
@string{esa99 = "Proceedings of the 7th Annual European Symposium on Algorithms, ESA'99"}
@string{esa00 = "Proceedings of the 8th Annual European Symposium on Algorithms, ESA 2000"}
@string{esa01 = "Proceedings of the 9th Annual European Symposium on Algorithms, ESA 2001"}
@string{esa02 = "Proceedings of the 10th Annual European Symposium on Algorithms, ESA 2002"}
@string{esa03 = "Proceedings of the 11th Annual European Symposium on Algorithms, ESA 2003"}
@string{esa04 = "Proceedings of the 12th Annual European Symposium on Algorithms, ESA 2004"}
@string{esa05 = "Proceedings of the 13th Annual European Symposium on Algorithms, ESA 2005"}
@string{esa06 = "Proceedings of the 14th Annual European Symposium on Algorithms, ESA 2006"}
@string{esa07 = "Proceedings of the 15th Annual European Symposium on Algorithms, ESA 2007"}
@string{esa08 = "Proceedings of the 16th Annual European Symposium on Algorithms, ESA 2008"}
@string{esa09 = "Proceedings of the 17th Annual European Symposium on Algorithms, ESA 2009"}

@string{fct85 = "Proceedings of the 5th International Conference on Fundamentals of Computation Theory, FCT'85"}
@string{fct87 = "Proceedings of the 6th International Conference on Fundamentals of Computation Theory, FCT'87"}
@string{fct89 = "Proceedings of the 7th International Conference on Fundamentals of Computation Theory, FCT'89"}
@string{fct91 = "Proceedings of the 8th International Symposium on Fundamentals of Computation Theory, FCT'91"}
@string{fct93 = "Proceedings of the 9th International Symposium on Fundamentals of Computation Theory, FCT'93"}
@string{fct95 = "Proceedings of the 10th International Symposium on Fundamentals of Computation Theory, FCT'95"}
@string{fct97 = "Proceedings of the 11th International Symposium on Fundamentals of Computation Theory, FCT'97"}
@string{fct99 = "Proceedings of the 12th International Symposium on Fundamentals of Computation Theory, FCT'99"}
@string{fct01 = "Proceedings of the 13th International Symposium on Fundamentals of Computation Theory, FCT 2001"}
@string{fct03 = "Proceedings of the 14th International Symposium on Fundamentals of Computation Theory, FCT 2003"}
@string{fct05 = "Proceedings of the 15th International Symposium on Fundamentals of Computation Theory, FCT 2005"}
@string{fct07 = "Proceedings of the 16th International Symposium on Fundamentals of Computation Theory, FCT 2007"}
@string{fct09 = "Proceedings of the 17th International Symposium on Fundamentals of Computation Theory, FCT 2009"}

@string{focs75 = "Proceedings of the 16th Annual Symposium on Foundations of Computer Science, FOCS'75"}
@string{focs76 = "Proceedings of the 17th Annual Symposium on Foundations of Computer Science, FOCS'76"}
@string{focs77 = "Proceedings of the 18th Annual Symposium on Foundations of Computer Science, FOCS'77"}
@string{focs78 = "Proceedings of the 19th Annual Symposium on Foundations of Computer Science, FOCS'78"}
@string{focs79 = "Proceedings of the 20th Annual Symposium on Foundations of Computer Science, FOCS'79"}
@string{focs80 = "Proceedings of the 21st Annual Symposium on Foundations of Computer Science, FOCS'80"}
@string{focs81 = "Proceedings of the 22nd Annual Symposium on Foundations of Computer Science, FOCS'81"}
@string{focs82 = "Proceedings of the 23rd Annual Symposium on Foundations of Computer Science, FOCS'82"}
@string{focs83 = "Proceedings of the 24th Annual Symposium on Foundations of Computer Science, FOCS'83"}
@string{focs84 = "Proceedings of the 25th Annual Symposium on Foundations of Computer Science, FOCS'84"}
@string{focs85 = "Proceedings of the 26th Annual Symposium on Foundations of Computer Science, FOCS'85"}
@string{focs86 = "Proceedings of the 27th Annual Symposium on Foundations of Computer Science, FOCS'86"}
@string{focs87 = "Proceedings of the 28th Annual Symposium on Foundations of Computer Science, FOCS'87"}
@string{focs88 = "Proceedings of the 29th Annual Symposium on Foundations of Computer Science, FOCS'88"}
@string{focs89 = "Proceedings of the 30th Annual Symposium on Foundations of Computer Science, FOCS'89"}
@string{focs90 = "Proceedings of the 31st Annual Symposium on Foundations of Computer Science, FOCS'90"}
@string{focs91 = "Proceedings of the 32nd Annual Symposium on Foundations of Computer Science, FOCS'91"}
@string{focs92 = "Proceedings of the 33rd Annual Symposium on Foundations of Computer Science, FOCS'92"}
@string{focs93 = "Proceedings of the 34th Annual Symposium on Foundations of Computer Science, FOCS'93"}
@string{focs94 = "Proceedings of the 35th Annual Symposium on Foundations of Computer Science, FOCS'94"}
@string{focs95 = "Proceedings of the 36th Annual Symposium on Foundations of Computer Science, FOCS'95"}
@string{focs96 = "Proceedings of the 37th Annual Symposium on Foundations of Computer Science, FOCS'96"}
@string{focs97 = "Proceedings of the 38th Annual Symposium on Foundations of Computer Science, FOCS'97"}
@string{focs98 = "Proceedings of the 39th Annual Symposium on Foundations of Computer Science, FOCS'98"}
@string{focs99 = "Proceedings of the 40th Annual Symposium on Foundations of Computer Science, FOCS'99"}
@string{focs00 = "Proceedings of the 41st Annual Symposium on Foundations of Computer Science, FOCS 2000"}
@string{focs01 = "Proceedings of the 42nd Annual Symposium on Foundations of Computer Science, FOCS 2001"}
@string{focs02 = "Proceedings of the 43rd Annual Symposium on Foundations of Computer Science, FOCS 2002"}
@string{focs03 = "Proceedings of the 44th Annual Symposium on Foundations of Computer Science, FOCS 2003"}
@string{focs04 = "Proceedings of the 45th Annual Symposium on Foundations of Computer Science, FOCS 2004"}
@string{focs05 = "Proceedings of the 46th Annual Symposium on Foundations of Computer Science, FOCS 2005"}
@string{focs06 = "Proceedings of the 47th Annual Symposium on Foundations of Computer Science, FOCS 2006"}
@string{focs07 = "Proceedings of the 48th Annual Symposium on Foundations of Computer Science, FOCS 2007"}
@string{focs08 = "Proceedings of the 49th Annual Symposium on Foundations of Computer Science, FOCS 2008"}
@string{focs09 = "Proceedings of the 50th Annual Symposium on Foundations of Computer Science, FOCS 2009"}

@string{fsttcs01 = "Proceedings 21st International Comference on Foundations of Software
Technology and Theoretical Computer Science, FSTTCS 2001"}
@string{fsttcs02 = "Proceedings 22nd International Comference on Foundations of Software
Technology and Theoretical Computer Science, FSTTCS 2002"}
@string{fsttcs03 = "Proceedings 23rd International Comference on Foundations of Software
Technology and Theoretical Computer Science, FSTTCS 2003"}
@string{fsttcs04 = "Proceedings 24th International Comference on Foundations of Software
Technology and Theoretical Computer Science, FSTTCS 2004"}
@string{fsttcs05 = "Proceedings 25th International Comference on Foundations of Software
Technology and Theoretical Computer Science, FSTTCS 2005"}
@string{fsttcs06 = "Proceedings 26th International Comference on Foundations of Software
Technology and Theoretical Computer Science, FSTTCS 2006"}
@string{fsttcs07 = "Proceedings 27th International Comference on Foundations of Software
Technology and Theoretical Computer Science, FSTTCS 2007"}
@string{fsttcs08 = "Proceedings 28th International Comference on Foundations of Software
Technology and Theoretical Computer Science, FSTTCS 2008"}
@string{fsttcs09 = "Proceedings 29th International Comference on Foundations of Software
Technology and Theoretical Computer Science, FSTTCS 2009"}

@string{gd94 = "Proceedings of the 3rd International Symposium on Graph Drawing, GD'94"}
@string{gd95 = "Proceedings of the 4th International Symposium on Graph Drawing, GD'95"}
@string{gd96 = "Proceedings of the 5th International Symposium on Graph Drawing, GD'96"}
@string{gd97 = "Proceedings of the 6th International Symposium on Graph Drawing, GD'97"}
@string{gd98 = "Proceedings of the 7th International Symposium on Graph Drawing, GD'98"}
@string{gd99 = "Proceedings of the 8th International Symposium on Graph Drawing, GD'99"}
@string{gd00 = "Proceedings of the 9th International Symposium on Graph Drawing, GD 2000"}
@string{gd01 = "Proceedings of the 10th International Symposium on Graph Drawing, GD 2001"}
@string{gd02 = "Proceedings of the 11th International Symposium on Graph Drawing, GD 2002"}
@string{gd03 = "Proceedings of the 12th International Symposium on Graph Drawing, GD 2003"}
@string{gd04 = "Proceedings of the 13th International Symposium on Graph Drawing, GD 2004"}
@string{gd05 = "Proceedings of the 14th International Symposium on Graph Drawing, GD 2005"}
@string{gd06 = "Proceedings of the 15th International Symposium on Graph Drawing, GD 2006"}
@string{gd07 = "Proceedings of the 16th International Symposium on Graph Drawing, GD 2007"}
@string{gd08 = "Proceedings of the 17th International Symposium on Graph Drawing, GD 2008"}
@string{gd09 = "Proceedings of the 18th International Symposium on Graph Drawing, GD 2009"}

@string{gragra86 = "Proceedings of the 3rd International Workshop on Graph-Grammars and Their Application to Computer Science"}
@string{gragra90 = "Proceedings of the 4th International Workshop on Graph-Grammars and Their Application to Computer Science"}

@string{icalp74 = "Proceedings of the 1st International Colloquium on Automata, Languages and Programming, ICALP'74"}
@string{icalp75 = "Proceedings of the 2nd International Colloquium on Automata, Languages and Programming, ICALP'75"}
@string{icalp76 = "Proceedings of the 3rd International Colloquium on Automata, Languages and Programming, ICALP'76"}
@string{icalp77 = "Proceedings of the 4th International Colloquium on Automata, Languages and Programming, ICALP'77"}
@string{icalp78 = "Proceedings of the 5th International Colloquium on Automata, Languages and Programming, ICALP'78"}
@string{icalp79 = "Proceedings of the 6th International Colloquium on Automata, Languages and Programming, ICALP'79"}
@string{icalp80 = "Proceedings of the 7th International Colloquium on Automata, Languages and Programming, ICALP'80"}
@string{icalp81 = "Proceedings of the 8th International Colloquium on Automata, Languages and Programming, ICALP'82"}
@string{icalp82 = "Proceedings of the 9th International Colloquium on Automata, Languages and Programming, ICALP'83"}
@string{icalp83 = "Proceedings of the 10th International Colloquium on Automata, Languages and Programming, ICALP'81"}
@string{icalp84 = "Proceedings of the 11th International Colloquium on Automata, Languages and Programming, ICALP'84"}
@string{icalp85 = "Proceedings of the 12th International Colloquium on Automata, Languages and Programming, ICALP'85"}
@string{icalp86 = "Proceedings of the 13th International Colloquium on Automata, Languages and Programming, ICALP'86"}
@string{icalp87 = "Proceedings of the 14th International Colloquium on Automata, Languages and Programming, ICALP'87"}
@string{icalp88 = "Proceedings of the 15th International Colloquium on Automata, Languages and Programming, ICALP'88"}
@string{icalp89 = "Proceedings of the 16th International Colloquium on Automata, Languages and Programming, ICALP'89"}
@string{icalp90 = "Proceedings of the 17th International Colloquium on Automata, Languages and Programming, ICALP'90"}
@string{icalp91 = "Proceedings of the 18th International Colloquium on Automata, Languages and Programming, ICALP'91"}
@string{icalp92 = "Proceedings of the 19th International Colloquium on Automata, Languages and Programming, ICALP'92"}
@string{icalp93 = "Proceedings of the 20th International Colloquium on Automata, Languages and Programming, ICALP'93"}
@string{icalp94 = "Proceedings of the 21st International Colloquium on Automata, Languages and Programming, ICALP'94"}
@string{icalp95 = "Proceedings of the 22nd International Colloquium on Automata, Languages and Programming, ICALP'95"}
@string{icalp96 = "Proceedings of the 23rd International Colloquium on Automata, Languages and Programming, ICALP'96"}
@string{icalp97 = "Proceedings of the 24th International Colloquium on Automata, Languages and Programming, ICALP'97"}
@string{icalp98 = "Proceedings of the 25th International Colloquium on Automata, Languages and Programming, ICALP'98"}
@string{icalp99 = "Proceedings of the 26th International Colloquium on Automata, Languages and Programming, ICALP'99"}
@string{icalp00 = "Proceedings of the 27th International Colloquium on Automata, Languages and Programming, ICALP 2000"}
@string{icalp01 = "Proceedings of the 28th International Colloquium on Automata, Languages and Programming, ICALP 2001"}
@string{icalp02 = "Proceedings of the 29th International Colloquium on Automata, Languages and Programming, ICALP 2002"}
@string{icalp03 = "Proceedings of the 30th International Colloquium on Automata, Languages and Programming, ICALP 2003"}
@string{icalp04 = "Proceedings of the 31st International Colloquium on Automata, Languages and Programming, ICALP 2004"}
@string{icalp05 = "Proceedings of the 32nd International Colloquium on Automata, Languages and Programming, ICALP 2005"}
@string{icalp06 = "Proceedings of the 33rd International Colloquium on Automata, Languages and Programming, ICALP 2006"}
@string{icalp07 = "Proceedings of the 34th International Colloquium on Automata, Languages and Programming, ICALP 2007"}
@string{icalp08-1 = "Proceedings of the 35th International Colloquium on Automata, Languages and Programming,
ICALP 2008, Part I"}
@string{icalp09-1 = "Proceedings of the 36th International Colloquium on Automata, Languages and Programming,
ICALP 2009, Part I"}

@string{isaac92 = "Proceedings of the 3rd International Symposium on Algorithms and Computation, ISAAC'92"}
@string{isaac93 = "Proceedings of the 4th International Symposium on Algorithms and Computation, ISAAC'93"}
@string{isaac94 = "Proceedings of the 5th International Symposium on Algorithms and Computation, ISAAC'94"}
@string{isaac95 = "Proceedings of the 6th International Symposium on Algorithms and Computation, ISAAC'95"}
@string{isaac96 = "Proceedings of the 7th International Symposium on Algorithms and Computation, ISAAC'96"}
@string{isaac97 = "Proceedings of the 8th International Symposium on Algorithms and Computation, ISAAC'97"}
@string{isaac98 = "Proceedings of the 9th International Symposium on Algorithms and Computation, ISAAC'98"}
@string{isaac99 = "Proceedings of the 10th International Symposium on Algorithms and Computation, ISAAC'99"}
@string{isaac00 = "Proceedings of the 11th International Symposium on Algorithms and Computation, ISAAC 2000"}
@string{isaac01 = "Proceedings of the 12th International Symposium on Algorithms and Computation, ISAAC 2001"}
@string{isaac02 = "Proceedings of the 13th International Symposium on Algorithms and Computation, ISAAC 2002"}
@string{isaac03 = "Proceedings of the 14th International Symposium on Algorithms and Computation, ISAAC 2003"}
@string{isaac04 = "Proceedings of the 15th International Symposium on Algorithms and Computation, ISAAC 2004"}
@string{isaac05 = "Proceedings of the 16th International Symposium on Algorithms and Computation, ISAAC 2005"}
@string{isaac06 = "Proceedings of the 17th International Symposium on Algorithms and Computation, ISAAC 2006"}
@string{isaac07 = "Proceedings of the 18th International Symposium on Algorithms and Computation, ISAAC 2007"}
@string{isaac08 = "Proceedings of the 19th International Symposium on Algorithms and Computation, ISAAC 2008"}
@string{isaac09 = "Proceedings of the 20th International Symposium on Algorithms and Computation, ISAAC 2009"}

@string{iwpec04 = "Proceedings of the 1st International Workshop on Parameterized and Exact Computation, IWPEC 2004"}
@string{iwpec06 = "Proceedings of the 2nd International Workshop on Parameterized and Exact Computation, IWPEC 2006"}
@string{iwpec08 = "Proceedings of the 3rd International Workshop on Parameterized and Exact Computation, IWPEC 2008"}
@string{iwpec09 = "Proceedings of the 4th International Workshop on Parameterized and Exact Computation, IWPEC 2009"}

@string{latin92 = "Proceedings of the 1st Latin American Symposium on Theoretical Informatics, LATIN'92"}
@string{latin95 = "Proceedings of the 2nd Latin American Symposium on Theoretical Informatics, LATIN'95"}
@string{latin98 = "Proceedings of the 3rd Latin American Symposium on Theoretical Informatics, LATIN'98"}
@string{latin00 = "Proceedings of the 4th Latin American Symposium on Theoretical Informatics, LATIN 2000"}
@string{latin02 = "Proceedings of the 5th Latin American Symposium on Theoretical Informatics, LATIN 2002"}
@string{latin04 = "Proceedings of the 6th Latin American Symposium on Theoretical Informatics, LATIN 2004"}
@string{latin06 = "Proceedings of the 7th Latin American Symposium on Theoretical Informatics, LATIN 2006"}
@string{latin08 = "Proceedings of the 8th Latin American Symposium on Theoretical Informatics, LATIN 2008"}

@string{mfcs90 = "Proceedings of the 15th International Symposium on Mathematical Foundations of Computer Science, MFCS'90"}
@string{mfcs91 = "Proceedings of the 16th International Symposium on Mathematical Foundations of Computer Science, MFCS'91"}
@string{mfcs92 = "Proceedings of the 17th International Symposium on Mathematical Foundations of Computer Science, MFCS'92"}
@string{mfcs93 = "Proceedings of the 18th International Symposium on Mathematical Foundations of Computer Science, MFCS'93"}
@string{mfcs94 = "Proceedings of the 19th International Symposium on Mathematical Foundations of Computer Science, MFCS'94"}
@string{mfcs95 = "Proceedings of the 20th International Symposium on Mathematical Foundations of Computer Science, MFCS'95"}
@string{mfcs96 = "Proceedings of the 21st International Symposium on Mathematical Foundations of Computer Science, MFCS'96"}
@string{mfcs97 = "Proceedings of the 22nd International Symposium on Mathematical Foundations of Computer Science, MFCS'97"}
@string{mfcs98 = "Proceedings of the 23rd International Symposium on Mathematical Foundations of Computer Science, MFCS'98"}
@string{mfcs99 = "Proceedings of the 24th International Symposium on Mathematical Foundations of Computer Science, MFCS'99"}
@string{mfcs00 = "Proceedings of the 25th International Symposium on Mathematical Foundations of Computer Science, MFCS 2000"}
@string{mfcs01 = "Proceedings of the 26th International Symposium on Mathematical Foundations of Computer Science, MFCS 2001"}
@string{mfcs02 = "Proceedings of the 27th International Symposium on Mathematical Foundations of Computer Science, MFCS 2002"}
@string{mfcs03 = "Proceedings of the 28th International Symposium on Mathematical Foundations of Computer Science, MFCS 2003"}
@string{mfcs04 = "Proceedings of the 29th International Symposium on Mathematical Foundations of Computer Science, MFCS 2004"}
@string{mfcs05 = "Proceedings of the 30th International Symposium on Mathematical Foundations of Computer Science, MFCS 2005"}
@string{mfcs06 = "Proceedings of the 31st International Symposium on Mathematical Foundations of Computer Science, MFCS 2006"}
@string{mfcs07 = "Proceedings of the 32nd International Symposium on Mathematical Foundations of Computer Science, MFCS 2007"}
@string{mfcs08 = "Proceedings of the 33rd International Symposium on Mathematical Foundations of Computer Science, MFCS 2008"}
@string{mfcs09 = "Proceedings of the 34th International Symposium on Mathematical Foundations of Computer Science, MFCS 2009"}

@string{soda90 = "Proceedings of the 1st Annual ACM-SIAM Symposium on Discrete Algorithms, SODA'90"}
@string{soda91 = "Proceedings of the 2nd Annual ACM-SIAM Symposium on Discrete Algorithms, SODA'91"}
@string{soda92 = "Proceedings of the 3rd Annual ACM-SIAM Symposium on Discrete Algorithms, SODA'92"}
@string{soda93 = "Proceedings of the 4th Annual ACM-SIAM Symposium on Discrete Algorithms, SODA'93"}
@string{soda94 = "Proceedings of the 5th Annual ACM-SIAM Symposium on Discrete Algorithms, SODA'94"}
@string{soda95 = "Proceedings of the 6th Annual ACM-SIAM Symposium on Discrete Algorithms, SODA'95"}
@string{soda96 = "Proceedings of the 7th Annual ACM-SIAM Symposium on Discrete Algorithms, SODA'96"}
@string{soda97 = "Proceedings of the 8th Annual ACM-SIAM Symposium on Discrete Algorithms, SODA'97"}
@string{soda98 = "Proceedings of the 9th Annual ACM-SIAM Symposium on Discrete Algorithms, SODA'98"}
@string{soda99 = "Proceedings of the 10th Annual ACM-SIAM Symposium on Discrete Algorithms, SODA'99"}
@string{soda00 = "Proceedings of the 11th Annual ACM-SIAM Symposium on Discrete Algorithms, SODA 2000"}
@string{soda01 = "Proceedings of the 12th Annual ACM-SIAM Symposium on Discrete Algorithms, SODA 2001"}
@string{soda02 = "Proceedings of the 13th Annual ACM-SIAM Symposium on Discrete Algorithms, SODA 2002"}
@string{soda03 = "Proceedings of the 14th Annual ACM-SIAM Symposium on Discrete Algorithms, SODA 2003"}
@string{soda04 = "Proceedings of the 15th Annual ACM-SIAM Symposium on Discrete Algorithms, SODA 2004"}
@string{soda05 = "Proceedings of the 16th Annual ACM-SIAM Symposium on Discrete Algorithms, SODA 2005"}
@string{soda06 = "Proceedings of the 16th Annual ACM-SIAM Symposium on Discrete Algorithms, SODA 2006"}
@string{soda07 = "Proceedings of the 17th Annual ACM-SIAM Symposium on Discrete Algorithms, SODA 2007"}
@string{soda08 = "Proceedings of the 18th Annual ACM-SIAM Symposium on Discrete Algorithms, SODA 2008"}
@string{soda09 = "Proceedings of the 19th Annual ACM-SIAM Symposium on Discrete Algorithms, SODA 2009"}

@string{sofsem04 = "Proceedings of the 30th Conference on Current Trends in Theory and Practive of Computer Science, SOFSEM 2000"}
@string{sofsem05 = "Proceedings of the 31st Conference on Current Trends in Theory and Practive of Computer Science, SOFSEM 2005"}
@string{sofsem06 = "Proceedings of the 32nd Conference on Current Trends in Theory and Practive of Computer Science, SOFSEM 2006"}
@string{sofsem07 = "Proceedings of the 33rd Conference on Current Trends in Theory and Practive of Computer Science, SOFSEM 2007"}
@string{sofsem08 = "Proceedings of the 34th Conference on Current Trends in Theory and Practive of Computer Science, SOFSEM 2008"}
@string{sofsem09 = "Proceedings of the 35th Conference on Current Trends in Theory and Practive of Computer Science, SOFSEM 2009"}
@string{sofsem10 = "Proceedings of the 36th Conference on Current Trends in Theory and Practive of Computer Science, SOFSEM 2010"}

@string{stacs84 = "Proceedings 1st International Symposium on Theoretical Aspects of Computer Science, STACS'84"}
@string{stacs85 = "Proceedings 2nd International Symposium on Theoretical Aspects of Computer Science, STACS'85"}
@string{stacs86 = "Proceedings 3rd International Symposium on Theoretical Aspects of Computer Science, STACS'86"}
@string{stacs87 = "Proceedings 4th International Symposium on Theoretical Aspects of Computer Science, STACS'87"}
@string{stacs88 = "Proceedings 5th International Symposium on Theoretical Aspects of Computer Science, STACS'88"}
@string{stacs89 = "Proceedings 6th International Symposium on Theoretical Aspects of Computer Science, STACS'89"}
@string{stacs90 = "Proceedings 7th International Symposium on Theoretical Aspects of Computer Science, STACS'90"}
@string{stacs91 = "Proceedings 8th International Symposium on Theoretical Aspects of Computer Science, STACS'91"}
@string{stacs92 = "Proceedings 9th International Symposium on Theoretical Aspects of Computer Science, STACS'92"}
@string{stacs93 = "Proceedings 10th International Symposium on Theoretical Aspects of Computer Science, STACS'93"}
@string{stacs94 = "Proceedings 11th International Symposium on Theoretical Aspects of Computer Science, STACS'94"}
@string{stacs95 = "Proceedings 12th International Symposium on Theoretical Aspects of Computer Science, STACS'95"}
@string{stacs96 = "Proceedings 13th International Symposium on Theoretical Aspects of Computer Science, STACS'96"}
@string{stacs97 = "Proceedings 14th International Symposium on Theoretical Aspects of Computer Science, STACS'97"}
@string{stacs98 = "Proceedings 15th International Symposium on Theoretical Aspects of Computer Science, STACS'98"}
@string{stacs99 = "Proceedings 16th International Symposium on Theoretical Aspects of Computer Science, STACS'99"}
@string{stacs00 = "Proceedings 17th International Symposium on Theoretical Aspects of Computer Science, STACS 2000"}
@string{stacs01 = "Proceedings 18th International Symposium on Theoretical Aspects of Computer Science, STACS 2001"}
@string{stacs02 = "Proceedings 19th International Symposium on Theoretical Aspects of Computer Science, STACS 2002"}
@string{stacs03 = "Proceedings 20th International Symposium on Theoretical Aspects of Computer Science, STACS 2003"}
@string{stacs04 = "Proceedings 21st International Symposium on Theoretical Aspects of Computer Science, STACS 2004"}
@string{stacs05 = "Proceedings 22nd International Symposium on Theoretical Aspects of Computer Science, STACS 2005"}
@string{stacs06 = "Proceedings 23rd International Symposium on Theoretical Aspects of Computer Science, STACS 2006"}
@string{stacs07 = "Proceedings 24th International Symposium on Theoretical Aspects of Computer Science, STACS 2007"}
@string{stacs08 = "Proceedings 25th International Symposium on Theoretical Aspects of Computer Science, STACS 2008"}
@string{stacs09 = "Proceedings 26th International Symposium on Theoretical Aspects of Computer Science, STACS 2009"}

@string{stoc71 = "Proceedings of the 3rd Annual Symposium on Theory of Computing, STOC'71"}
@string{stoc72 = "Proceedings of the 4th Annual Symposium on Theory of Computing, STOC'72"}
@string{stoc73 = "Proceedings of the 5th Annual Symposium on Theory of Computing, STOC'73"}
@string{stoc74 = "Proceedings of the 6th Annual Symposium on Theory of Computing, STOC'74"}
@string{stoc75 = "Proceedings of the 7th Annual Symposium on Theory of Computing, STOC'75"}
@string{stoc76 = "Proceedings of the 8th Annual Symposium on Theory of Computing, STOC'76"}
@string{stoc77 = "Proceedings of the 9th Annual Symposium on Theory of Computing, STOC'77"}
@string{stoc78 = "Proceedings of the 10th Annual Symposium on Theory of Computing, STOC'78"}
@string{stoc79 = "Proceedings of the 11th Annual Symposium on Theory of Computing, STOC'79"}
@string{stoc80 = "Proceedings of the 12th Annual Symposium on Theory of Computing, STOC'80"}
@string{stoc81 = "Proceedings of the 13th Annual Symposium on Theory of Computing, STOC'81"}
@string{stoc82 = "Proceedings of the 14th Annual Symposium on Theory of Computing, STOC'82"}
@string{stoc83 = "Proceedings of the 15th Annual Symposium on Theory of Computing, STOC'83"}
@string{stoc84 = "Proceedings of the 16th Annual Symposium on Theory of Computing, STOC'84"}
@string{stoc85 = "Proceedings of the 17th Annual Symposium on Theory of Computing, STOC'85"}
@string{stoc86 = "Proceedings of the 18th Annual Symposium on Theory of Computing, STOC'86"}
@string{stoc87 = "Proceedings of the 19th Annual Symposium on Theory of Computing, STOC'87"}
@string{stoc88 = "Proceedings of the 20th Annual Symposium on Theory of Computing, STOC'88"}
@string{stoc89 = "Proceedings of the 21st Annual Symposium on Theory of Computing, STOC'89"}
@string{stoc90 = "Proceedings of the 22nd Annual Symposium on Theory of Computing, STOC'90"}
@string{stoc91 = "Proceedings of the 23rd Annual Symposium on Theory of Computing, STOC'91"}
@string{stoc92 = "Proceedings of the 24th Annual Symposium on Theory of Computing, STOC'92"}
@string{stoc93 = "Proceedings of the 25th Annual Symposium on Theory of Computing, STOC'93"}
@string{stoc94 = "Proceedings of the 26th Annual Symposium on Theory of Computing, STOC'94"}
@string{stoc95 = "Proceedings of the 27th Annual Symposium on Theory of Computing, STOC'95"}
@string{stoc96 = "Proceedings of the 28th Annual Symposium on Theory of Computing, STOC'96"}
@string{stoc97 = "Proceedings of the 29th Annual Symposium on Theory of Computing, STOC'97"}
@string{stoc98 = "Proceedings of the 30th Annual Symposium on Theory of Computing, STOC'98"}
@string{stoc99 = "Proceedings of the 31st Annual Symposium on Theory of Computing, STOC'99"}
@string{stoc00 = "Proceedings of the 32nd Annual Symposium on Theory of Computing, STOC 2000"}
@string{stoc01 = "Proceedings of the 33rd Annual Symposium on Theory of Computing, STOC 2001"}
@string{stoc02 = "Proceedings of the 34th Annual Symposium on Theory of Computing, STOC 2002"}
@string{stoc03 = "Proceedings of the 35th Annual Symposium on Theory of Computing, STOC 2003"}
@string{stoc04 = "Proceedings of the 36th Annual Symposium on Theory of Computing, STOC 2004"}
@string{stoc05 = "Proceedings of the 37th Annual Symposium on Theory of Computing, STOC 2005"}
@string{stoc06 = "Proceedings of the 38th Annual Symposium on Theory of Computing, STOC 2006"}
@string{stoc07 = "Proceedings of the 39th Annual Symposium on Theory of Computing, STOC 2007"}
@string{stoc08 = "Proceedings of the 40th Annual Symposium on Theory of Computing, STOC 2008"}
@string{stoc09 = "Proceedings of the 41st Annual Symposium on Theory of Computing, STOC 2009"}

@string{swat88 = "Proceedings of the 1st Scandinavian Workshop on Algorithm Theory, SWAT'88"}
@string{swat90 = "Proceedings of the 2nd Scandinavian Workshop on Algorithm Theory, SWAT'90"}
@string{swat92 = "Proceedings of the 3rd Scandinavian Workshop on Algorithm Theory, SWAT'92"}
@string{swat94 = "Proceedings of the 4th Scandinavian Workshop on Algorithm Theory, SWAT'94"}
@string{swat96 = "Proceedings of the 5th Scandinavian Workshop on Algorithm Theory, SWAT'96"}
@string{swat98 = "Proceedings of the 6th Scandinavian Workshop on Algorithm Theory, SWAT'98"}
@string{swat00 = "Proceedings of the 7th Scandinavian Workshop on Algorithm Theory, SWAT 2000"}
@string{swat02 = "Proceedings of the 8th Scandinavian Workshop on Algorithm Theory, SWAT 2002"}
@string{swat04 = "Proceedings of the 9th Scandinavian Workshop on Algorithm Theory, SWAT 2004"}
@string{swat06 = "Proceedings of the 10th Scandinavian Workshop on Algorithm Theory, SWAT 2006"}
@string{swat08 = "Proceedings of the 11th Scandinavian Workshop on Algorithm Theory, SWAT 2008"}

@string{tamc08 = "Proceedings of the 5th Annual Conference on Theory and Applications
of Models of Computation, TAMC 2008"}
@string{tamc09 = "Proceedings of the 6th Annual Conference on Theory and Applications
of Models of Computation, TAMC 2009"}

@string{uai90 = "Proceedings of the 6th Annual Conference on Uncertainty in Artificial Intelligence, UAI'90"}
@string{uai91 = "Proceedings of the 7th Annual Conference on Uncertainty in Artificial Intelligence, UAI'91"}
@string{uai92 = "Proceedings of the 8th Annual Conference on Uncertainty in Artificial Intelligence, UAI'92"}
@string{uai93 = "Proceedings of the 9th Annual Conference on Uncertainty in Artificial Intelligence, UAI'93"}
@string{uai94 = "Proceedings of the 10th Annual Conference on Uncertainty in Artificial Intelligence, UAI'94"}
@string{uai95 = "Proceedings of the 11th Annual Conference on Uncertainty in Artificial Intelligence, UAI'95"}
@string{uai96 = "Proceedings of the 12th Annual Conference on Uncertainty in Artificial Intelligence, UAI'96"}
@string{uai97 = "Proceedings of the 13th Annual Conference on Uncertainty in Artificial Intelligence, UAI'97"}
@string{uai98 = "Proceedings of the 14th Annual Conference on Uncertainty in Artificial Intelligence, UAI'98"}
@string{uai99 = "Proceedings of the 15th Annual Conference on Uncertainty in Artificial Intelligence, UAI'99"}
@string{uai00 = "Proceedings of the 16th Annual Conference on Uncertainty in Artificial Intelligence, UAI 2000"}
@string{uai01 = "Proceedings of the 17th Annual Conference on Uncertainty in Artificial Intelligence, UAI 2001"}
@string{uai02 = "Proceedings of the 18th Annual Conference on Uncertainty in Artificial Intelligence, UAI 2002"}
@string{uai03 = "Proceedings of the 19th Annual Conference on Uncertainty in Artificial Intelligence, UAI 2003"}
@string{uai04 = "Proceedings of the 20th Annual Conference on Uncertainty in Artificial Intelligence, UAI 2004"}
@string{uai05 = "Proceedings of the 21st Annual Conference on Uncertainty in Artificial Intelligence, UAI 2005"}
@string{uai06 = "Proceedings of the 22nd Annual Conference on Uncertainty in Artificial Intelligence, UAI 2006"}
@string{uai07 = "Proceedings of the 23rd Annual Conference on Uncertainty in Artificial Intelligence, UAI 2007"}
@string{uai08 = "Proceedings of the 24th Annual Conference on Uncertainty in Artificial Intelligence, UAI 2008"}
@string{uai09 = "Proceedings of the 25th Annual Conference on Uncertainty in Artificial Intelligence, UAI 2009"}

@string{wads89 = "Proceedings of the 1st Workshop on Algorithms and Data Structures, WADS'89"}
@string{wads91 = "Proceedings of the 2nd Workshop on Algorithms and Data Structures, WADS'91"}
@string{wads93 = "Proceedings of the 3rd Workshop on Algorithms and Data Structures, WADS'93"}
@string{wads95 = "Proceedings of the 4th International Workshop on Algorithms and Data Structures, WADS'95"}
@string{wads97 = "Proceedings of the 5th International Workshop on Algorithms and Data Structures, WADS'97"}
@string{wads99 = "Proceedings of the 6th International Workshop on Algorithms and Data Structures, WADS'99"}
@string{wads01 = "Proceedings of the 7th International Workshop on Algorithms and Data Structures, WADS 2001"}
@string{wads03 = "Proceedings of the 8th International Workshop on Algorithms and Data Structures, WADS 2003"}
@string{wads05 = "Proceedings of the 9th International Workshop on Algorithms and Data Structures, WADS 2005"}
@string{wads07 = "Proceedings of the 10th International Workshop on Algorithms and Data Structures, WADS 2007"}
@string{wads09 = "Proceedings of the 11th International Symposium on Algorithms and Data Structures, WADS 2009"}

@string{waoa03 = "Proceeings of the 1st International Workshop on Approximation and Online Algorithms, WAOA 2003"}
@string{waoa04 = "Proceeings of the 2nd International Workshop on Approximation and Online Algorithms, WAOA 2004"}
@string{waoa05 = "Proceeings of the 3rd International Workshop on Approximation and Online Algorithms, WAOA 2005"}
@string{waoa06 = "Proceeings of the 4th International Workshop on Approximation and Online Algorithms, WAOA 2006"}
@string{waoa07 = "Proceeings of the 5th International Workshop on Approximation and Online Algorithms, WAOA 2007"}
@string{waoa08 = "Proceeings of the 6th International Workshop on Approximation and Online Algorithms, WAOA 2008"}
@string{waoa09 = "Proceeings of the 7th International Workshop on Approximation and Online Algorithms, WAOA 2009"}

@string{wea02 = "Proceedings of the 1st International Workshop on Experimental and Efficient Algorithms, WEA 2002"}
@string{wea03 = "Proceedings of the 2nd International Workshop on Experimental and Efficient Algorithms, WEA 2003"}
@string{wea04 = "Proceedings of the 3rd International Workshop on Experimental and Efficient Algorithms, WEA 2004"}
@string{wea05 = "Proceedings of the 4th International Workshop on Experimental and Efficient Algorithms, WEA 2005"}
@string{wea06 = "Proceedings of the 5th International Workshop on Experimental and Efficient Algorithms, WEA 2006"}
@string{wea07 = "Proceedings of the 6th International Workshop on Experimental and Efficient Algorithms, WEA 2007"}
@string{wea08 = "Proceedings of the 7th International Workshop on Experimental and Efficient Algorithms, WEA 2008"}
@string{sea09 = "Proceedings of the 8th International Symposium on Experimental and Efficient Algorithms, SEA 2009"}

@string{wg82 = "Proceedings of the 8th International Workshop on Graph-Theoretic Concepts in Computer Science, WG'82"}
@string{wg83 = "Proceedings of the 9th International Workshop on Graph-Theoretic Concepts in Computer Science, WG'83"}
@string{wg84 = "Proceedings of the 10th International Workshop on Graph-Theoretic Concepts in Computer Science, WG'84"}
@string{wg85 = "Proceedings of the 11th International Workshop on Graph-Theoretic Concepts in Computer Science, WG'85"}
@string{wg86 = "Proceedings of the 12th International Workshop on Graph-Theoretic Concepts in Computer Science, WG'86"}
@string{wg87 = "Proceedings of the 13th International Workshop on Graph-Theoretic Concepts in Computer Science, WG'87"}
@string{wg88 = "Proceedings of the 14th International Workshop on Graph-Theoretic Concepts in Computer Science, WG'88"}
@string{wg89 = "Proceedings of the 15th International Workshop on Graph-Theoretic Concepts in Computer Science, WG'89"}
@string{wg90 = "Proceedings of the 16th International Workshop on Graph-Theoretic Concepts in Computer Science, WG'90"}
@string{wg91 = "Proceedings of the 17th International Workshop on Graph-Theoretic Concepts in Computer Science, WG'91"}
@string{wg92 = "Proceedings of the 18th International Workshop on Graph-Theoretic Concepts in Computer Science, WG'92"}
@string{wg93 = "Proceedings of the 19th International Workshop on Graph-Theoretic Concepts in Computer Science, WG'93"}
@string{wg94 = "Proceedings of the 20th International Workshop on Graph-Theoretic Concepts in Computer Science, WG'94"}
@string{wg95 = "Proceedings of the 21st International Workshop on Graph-Theoretic Concepts in Computer Science, WG'95"}
@string{wg96 = "Proceedings of the 22nd International Workshop on Graph-Theoretic Concepts in Computer Science, WG'96"}
@string{wg97 = "Proceedings of the 23rd International Workshop on Graph-Theoretic Concepts in Computer Science, WG'97"}
@string{wg98 = "Proceedings of the 24th International Workshop on Graph-Theoretic Concepts in Computer Science, WG'98"}
@string{wg99 = "Proceedings of the 25th International Workshop on Graph-Theoretic Concepts in Computer Science, WG'99"}
@string{wg00 = "Proceedings of the 26th International Workshop on Graph-Theoretic Concepts in Computer Science, WG 2000"}
@string{wg01 = "Proceedings of the 27th International Workshop on Graph-Theoretic Concepts in Computer Science, WG 2001"}
@string{wg02 = "Proceedings of the 28th International Workshop on Graph-Theoretic Concepts in Computer Science, WG 2002"}
@string{wg03 = "Proceedings of the 29th International Workshop on Graph-Theoretic Concepts in Computer Science, WG 2003"}
@string{wg04 = "Proceedings of the 30th International Workshop on Graph-Theoretic Concepts in Computer Science, WG 2004"}
@string{wg05 = "Proceedings of the 31st International Workshop on Graph-Theoretic Concepts in Computer Science, WG 2005"}
@string{wg06 = "Proceedings of the 32nd International Workshop on Graph-Theoretic Concepts in Computer Science, WG 2006"}
@string{wg07 = "Proceedings of the 33rd International Workshop on Graph-Theoretic Concepts in Computer Science, WG 2007"}
@string{wg08 = "Proceedings of the 34th International Workshop on Graph-Theoretic Concepts in Computer Science, WG 2008"}
@string{wg09 = "Proceedings of the 35th International Workshop on Graph-Theoretic Concepts in Computer Science, WG 2009"}

% Strings for the names of Springer LNCS proceedings

@string{lncs52 = "Springer Verlag, Lecture Notes in Computer Science, vol.\ 52"}
@string{lncs172 = "Springer Verlag, Lecture Notes in Computer Science, vol.\ 172"}
@string{lncs182 = "Springer Verlag, Lecture Notes in Computer Science, vol.\ 182"}
@string{lncs199 = "Springer Verlag, Lecture Notes in Computer Science, vol.\ 199"}
@string{lncs210 = "Springer Verlag, Lecture Notes in Computer Science, vol.\ 210"}
@string{lncs219 = "Springer Verlag, Lecture Notes in Computer Science, vol.\ 219"}
@string{lncs246 = "Springer Verlag, Lecture Notes in Computer Science, vol.\ 246"}
@string{lncs267 = "Springer Verlag, Lecture Notes in Computer Science, vol.\ 267"}
@string{lncs291 = "Springer Verlag, Lecture Notes in Computer Science, vol.\ 291"}
@string{lncs299 = "Springer Verlag, Lecture Notes in Computer Science, vol.\ 299"}
@string{lncs317 = "Springer Verlag, Lecture Notes in Computer Science, vol.\ 317"}
@string{lncs318 = "Springer Verlag, Lecture Notes in Computer Science, vol.\ 318"}
@string{lncs319 = "Springer Verlag, Lecture Notes in Computer Science, vol.\ 319"}
@string{lncs344 = "Springer Verlag, Lecture Notes in Computer Science, vol.\ 344"}
@string{lncs382 = "Springer Verlag, Lecture Notes in Computer Science, vol.\ 382"}
@string{lncs411 = "Springer Verlag, Lecture Notes in Computer Science, vol.\ 411"}
@string{lncs452 = "Springer Verlag, Lecture Notes in Computer Science, vol.\ 452"}
@string{lncs477 = "Springer Verlag, Lecture Notes in Computer Science, vol.\ 477"}
@string{lncs484 = "Springer Verlag, Lecture Notes in Computer Science, vol.\ 484"}
@string{lncs510 = "Springer Verlag, Lecture Notes in Computer Science, vol.\ 510"}
@string{lncs532 = "Springer Verlag, Lecture Notes in Computer Science, vol.\ 532"}
@string{lncs533 = "Springer Verlag, Lecture Notes in Computer Science, vol.\ 533"}
@string{lncs583 = "Springer Verlag, Lecture Notes in Computer Science, vol.\ 583"}
@string{lncs621 = "Springer Verlag, Lecture Notes in Computer Science, vol.\ 621"}
@string{lncs623 = "Springer Verlag, Lecture Notes in Computer Science, vol.\ 623"}
@string{lncs650 = "Springer Verlag, Lecture Notes in Computer Science, vol.\ 650"}
@string{lncs657 = "Springer Verlag, Lecture Notes in Computer Science, vol.\ 657"}
@string{lncs665 = "Springer Verlag, Lecture Notes in Computer Science, vol.\ 665"}
@string{lncs700 = "Springer Verlag, Lecture Notes in Computer Science, vol.\ 700"}
@string{lncs709 = "Springer Verlag, Lecture Notes in Computer Science, vol.\ 700"}
@string{lncs726 = "Springer Verlag, Lecture Notes in Computer Science, vol.\ 726"}
@string{lncs762 = "Springer Verlag, Lecture Notes in Computer Science, vol.\ 762"}
@string{lncs787 = "Springer Verlag, Lecture Notes in Computer Science, vol.\ 787"}
@string{lncs790 = "Springer Verlag, Lecture Notes in Computer Science, vol.\ 790"}
@string{lncs824 = "Springer Verlag, Lecture Notes in Computer Science, vol.\ 824"}
@string{lncs831 = "Springer Verlag, Lecture Notes in Computer Science, vol.\ 831"}
@string{lncs842 = "Springer Verlag, Lecture Notes in Computer Science, vol.\ 842"}
@string{lncs855 = "Springer Verlag, Lecture Notes in Computer Science, vol.\ 855"}
@string{lncs894 = "Springer Verlag, Lecture Notes in Computer Science, vol.\ 894"}
@string{lncs900 = "Springer Verlag, Lecture Notes in Computer Science, vol.\ 900"}
@string{lncs903 = "Springer Verlag, Lecture Notes in Computer Science, vol.\ 903"}
@string{lncs944 = "Springer Verlag, Lecture Notes in Computer Science, vol.\ 944"}
@string{lncs945 = "Springer Verlag, Lecture Notes in Computer Science, vol.\ 945"}
@string{lncs955 = "Springer Verlag, Lecture Notes in Computer Science, vol.\ 955"}
@string{lncs979 = "Springer Verlag, Lecture Notes in Computer Science, vol.\ 979"}
@string{lncs1017 = "Springer Verlag, Lecture Notes in Computer Science, vol.\ 1017"}
@string{lncs1018 = "Springer Verlag, Lecture Notes in Computer Science, vol.\ 1018"}
@string{lncs1028 = "Springer Verlag, Lecture Notes in Computer Science, vol.\ 1028"}
@string{lncs1046 = "Springer Verlag, Lecture Notes in Computer Science, vol.\ 1046"}
@string{lncs1075 = "Springer Verlag, Lecture Notes in Computer Science, vol.\ 1075"}
@string{lncs1090 = "Springer Verlag, Lecture Notes in Computer Science, vol.\ 1090"}
@string{lncs1136 = "Springer Verlag, Lecture Notes in Computer Science, vol.\ 1136"}
@string{lncs1178 = "Springer Verlag, Lecture Notes in Computer Science, vol.\ 1178"}
@string{lncs1197 = "Springer Verlag, Lecture Notes in Computer Science, vol.\ 1197"}
@string{lncs1203 = "Springer Verlag, Lecture Notes in Computer Science, vol.\ 1203"}
@string{lncs1256 = "Springer Verlag, Lecture Notes in Computer Science, vol.\ 1256"}
@string{lncs1295 = "Springer Verlag, Lecture Notes in Computer Science, vol.\ 1295"}
@string{lncs1335 = "Springer Verlag, Lecture Notes in Computer Science, vol.\ 1335"}
@string{lncs1373 = "Springer Verlag, Lecture Notes in Computer Science, vol.\ 1373"}
@string{lncs1461 = "Springer Verlag, Lecture Notes in Computer Science, vol.\ 1461"}
@string{lncs1517 = "Springer Verlag, Lecture Notes in Computer Science, vol.\ 1517"}
@string{lncs1563 = "Springer Verlag, Lecture Notes in Computer Science, vol.\ 1563"}
@string{lncs1665 = "Springer Verlag, Lecture Notes in Computer Science, vol.\ 1665"}
@string{lncs1770 = "Springer Verlag, Lecture Notes in Computer Science, vol.\ 1770"}
@string{lncs1776 = "Springer Verlag, Lecture Notes in Computer Science, vol.\ 1776"}
@string{lncs1851 = "Springer Verlag, Lecture Notes in Computer Science, vol.\ 1851"}
@string{lncs1893 = "Springer Verlag, Lecture Notes in Computer Science, vol.\ 1893"}
@string{lncs1969 = "Springer Verlag, Lecture Notes in Computer Science, vol.\ 1969"}
@string{lncs2076 = "Springer Verlag, Lecture Notes in Computer Science, vol.\ 2076"}
@string{lncs2125 = "Springer Verlag, Lecture Notes in Computer Science, vol.\ 2125"}
@string{lncs2136 = "Springer Verlag, Lecture Notes in Computer Science, vol.\ 2136"}
@string{lncs2245 = "Springer Verlag, Lecture Notes in Computer Science, vol.\ 2245"}
@string{lncs2286 = "Springer Verlag, Lecture Notes in Computer Science, vol.\ 2286"}
@string{lncs2368 = "Springer Verlag, Lecture Notes in Computer Science, vol.\ 2368"}
@string{lncs2409 = "Springer Verlag, Lecture Notes in Computer Science, vol.\ 2409"}
@string{lncs2461 = "Springer Verlag, Lecture Notes in Computer Science, vol.\ 2461"}
@string{lncs2470 = "Springer Verlag, Lecture Notes in Computer Science, vol.\ 2470"}
@string{lncs2518 = "Springer Verlag, Lecture Notes in Computer Science, vol.\ 2518"}
@string{lncs2556 = "Springer Verlag, Lecture Notes in Computer Science, vol.\ 2556"}
@string{lncs2573 = "Springer Verlag, Lecture Notes in Computer Science, vol.\ 2573"}
@string{lncs2647 = "Springer Verlag, Lecture Notes in Computer Science, vol.\ 2647"}
@string{lncs2719 = "Springer Verlag, Lecture Notes in Computer Science, vol.\ 2719"}
@string{lncs2747 = "Springer Verlag, Lecture Notes in Computer Science, vol.\ 2747"}
@string{lncs2751 = "Springer Verlag, Lecture Notes in Computer Science, vol.\ 2751"}
@string{lncs2832 = "Springer Verlag, Lecture Notes in Computer Science, vol.\ 2832"}
@string{lncs2880 = "Springer Verlag, Lecture Notes in Computer Science, vol.\ 2880"}
@string{lncs2906 = "Springer Verlag, Lecture Notes in Computer Science, vol.\ 2906"}
@string{lncs2996 = "Springer Verlag, Lecture Notes in Computer Science, vol.\ 2996"}
@string{lncs3153 = "Springer Verlag, Lecture Notes in Computer Science, vol.\ 3153"}
@string{lncs3142 = "Springer Verlag, Lecture Notes in Computer Science, vol.\ 3142"}
@string{lncs3162 = "Springer Verlag, Lecture Notes in Computer Science, vol.\ 3162"}
@string{lncs3221 = "Springer Verlag, Lecture Notes in Computer Science, vol.\ 3221"}
@string{lncs3353 = "Springer Verlag, Lecture Notes in Computer Science, vol.\ 3353"}
@string{lncs3381 = "Springer Verlag, Lecture Notes in Computer Science, vol.\ 3381"}
@string{lncs3404 = "Springer Verlag, Lecture Notes in Computer Science, vol.\ 3404"}
@string{lncs3503 = "Springer Verlag, Lecture Notes in Computer Science, vol.\ 3503"}
@string{lncs3580 = "Springer Verlag, Lecture Notes in Computer Science, vol.\ 3580"}
@string{lncs3595 = "Springer Verlag, Lecture Notes in Computer Science, vol.\ 3595"}
@string{lncs3608 = "Springer Verlag, Lecture Notes in Computer Science, vol.\ 3608"}
@string{lncs3618 = "Springer Verlag, Lecture Notes in Computer Science, vol.\ 3618"}
@string{lncs3624 = "Springer Verlag, Lecture Notes in Computer Science, vol.\ 3624"}
@string{lncs3669 = "Springer Verlag, Lecture Notes in Computer Science, vol.\ 3669"}
@string{lncs3787 = "Springer Verlag, Lecture Notes in Computer Science, vol.\ 3787"}
@string{lncs3732 = "Springer Verlag, Lecture Notes in Computer Science, vol.\ 3732"}
@string{lncs3709 = "Springer Verlag, Lecture Notes in Computer Science, vol.\ 3709"}
@string{lncs3827 = "Springer Verlag, Lecture Notes in Computer Science, vol.\ 3827"}
@string{lncs3831 = "Springer Verlag, Lecture Notes in Computer Science, vol.\ 3831"}
@string{lncs3843 = "Springer Verlag, Lecture Notes in Computer Science, vol.\ 3843"}
@string{lncs3879 = "Springer Verlag, Lecture Notes in Computer Science, vol.\ 3879"}
@string{lncs3887 = "Springer Verlag, Lecture Notes in Computer Science, vol.\ 3887"}
@string{lncs4041 = "Springer Verlag, Lecture Notes in Computer Science, vol.\ 4041"}
@string{lncs4059 = "Springer Verlag, Lecture Notes in Computer Science, vol.\ 4059"}
@string{lncs4168 = "Springer Verlag, Lecture Notes in Computer Science, vol.\ 4168"}
@string{lncs4169 = "Springer Verlag, Lecture Notes in Computer Science, vol.\ 4169"}
@string{lncs4271 = "Springer Verlag, Lecture Notes in Computer Science, vol.\ 4271"}
@string{lncs4337 = "Springer Verlag, Lecture Notes in Computer Science, vol.\ 4337"}
@string{lncs4372 = "Springer Verlag, Lecture Notes in Computer Science, vol.\ 4372"}
@string{lncs4393 = "Springer Verlag, Lecture Notes in Computer Science, vol.\ 4393"}
@string{lncs4474 = "Springer Verlag, Lecture Notes in Computer Science, vol.\ 4474"}
@string{lncs4475 = "Springer Verlag, Lecture Notes in Computer Science, vol.\ 4475"}
@string{lncs4596 = "Springer Verlag, Lecture Notes in Computer Science, vol.\ 4596"}
@string{lncs4598 = "Springer Verlag, Lecture Notes in Computer Science, vol.\ 4598"}
@string{lncs4614 = "Springer Verlag, Lecture Notes in Computer Science, vol.\ 4614"}
@string{lncs4769 = "Springer Verlag, Lecture Notes in Computer Science, vol.\ 4769"}
@string{lncs4835 = "Springer Verlag, Lecture Notes in Computer Science, vol.\ 4835"}
@string{lncs4957 = "Springer Verlag, Lecture Notes in Computer Science, vol.\ 4957"}
@string{lncs4978 = "Springer Verlag, Lecture Notes in Computer Science, vol.\ 4978"}
@string{lncs5018 = "Springer Verlag, Lecture Notes in Computer Science, vol.\ 5018"}
@string{lncs5038 = "Springer Verlag, Lecture Notes in Computer Science, vol.\ 5038"}
@string{lncs5125 = "Springer Verlag, Lecture Notes in Computer Science, vol.\ 5125"}
@string{lncs5162 = "Springer Verlag, Lecture Notes in Computer Science, vol.\ 5162"}
@string{lncs5344 = "Springer Verlag, Lecture Notes in Computer Science, vol.\ 5344"}
@string{lncs5369 = "Springer Verlag, Lecture Notes in Computer Science, vol.\ 5369"}
@string{lncs5404 = "Springer Verlag, Lecture Notes in Computer Science, vol.\ 5404"}
@string{lncs5532 = "Springer Verlag, Lecture Notes in Computer Science, vol.\ 5532"}
@string{lncs5555 = "Springer Verlag, Lecture Notes in Computer Science, vol.\ 5555"}
@string{lncs5734 = "Springer Verlag, Lecture Notes in Computer Science, vol.\ 5734"}
@string{lncs5757 = "Springer Verlag, Lecture Notes in Computer Science, vol.\ 5757"}
@string{lncs5901 = "Springer Verlag, Lecture Notes in Computer Science, vol.\ 5901"}

